@article{Simplilearn_2021, title={What Is Selection Sort Algorithm In Data Structures?}, url={https://www.simplilearn.com/tutorials/data-structure-tutorial/selection-sort-algorithm}, journal={Simplilearn}, author={Simplilearn}, year={2021}, month={Oct} }